@article{AloiseDHP09,
   author              = {Daniel Aloise and 
                          Amit Deshpande and 
                          Pierre Hansen and 
                          Preyas Popat},
   title               = {{NP-hardness of Euclidean sum-of-squares clustering.}},
   journal             = {Machine Learning},
   year                = {2009},
   pages               = {245-248},
}

@article{MegiddoS84,
  author    = {Nimrod Megiddo and
               Kenneth J. Supowit},
  title     = {On the Complexity of Some Common Geometric Location Problems},
  journal   = {{SIAM} J. Comput.},
  volume    = {13},
  number    = {1},
  pages     = {182--196},
  year      = {1984},
}